@article{author1_1990,
    title = {This is a Fake Paper},
    volume = {6},
    issn = {475-500},
    url = {https://www.do.not.click.me.com/},
    doi = {10.12345/abcd.12345},
    shorttitle = {Not Avaliable},
    pages = {26},
    number = {62},
    journaltitle = {Journal of Nonexist},
    shortjournal = {{JoN}},
    author = {LastName1, FirstName1 and LastName2, FirstName2},
    urldate = {2021-10-12},
    date = {1990-01-01},
}

@article{author2_2000,
    title = {This is Also a Fake Paper},
    volume = {4},
    issn = {123-133},
    url = {https://www.do.not.click.me.com/},
    doi = {10.45676/abcd.45676},
    shorttitle = {Not Avaliable},
    pages = {11},
    number = {22},
    journaltitle = {Journal of Nonexist},
    shortjournal = {{JoN}},
    author = {LastName1, FirstName1 and LastName2, FirstName2},
    urldate = {2021-10-12},
    date = {2000-01-01},
}
